<?xml version="1.0" encoding="UTF-8"?><collection xmlns="http://www.loc.gov/MARC21/slim"><record><leader>00450nam--2200145-i-4500</leader><controlfield tag="001">000045663</controlfield><controlfield tag="002">20161230</controlfield><controlfield tag="005">20161230201045</controlfield><controlfield tag="008">060222s1000------------r-----000-0-eng-d</controlfield><datafield ind1=" " ind2=" " tag="080"><subfield code="a">016</subfield></datafield><datafield ind1=" " ind2=" " tag="100"><subfield code="a">Uhlmann, W</subfield></datafield><datafield ind1=" " ind2=" " tag="245"><subfield code="a">Literature surveys and bibliographies prepared during the period from january 1962 through december 1963. a bibliography of bibliogarphies</subfield></datafield><datafield ind1=" " ind2=" " tag="260"><subfield code="a">Stockholm, Ab Atomenergi, 1963, 13p</subfield></datafield><datafield ind1=" " ind2=" " tag="490"><subfield code="a">Vdit-84</subfield></datafield><datafield ind1=" " ind2=" " tag="852"><subfield code="a">D.1196</subfield></datafield></record></collection>